@article{article1,
author = {Tuyns, AJ and Péquignot, G and Jensen, O},
year = {1977},
month = {02},
pages = {45-60},
title = {Esophageal cancer in Ille-et-Vilaine in relation to levels of alcohol and tobacco consumption. Risks are multiplying},
volume = {64},
journal = {Bulletin du cancer}
}

@article{article2,
author = {Trivin, Florence and Eveline, Boucher and Vauléon, Elodie and Cumin, Isabelle and Prisé, Elisabeth and Audrain, Odile and Raoul, Jean-Luc},
year = {2009},
month = {12},
pages = {173421},
title = {Management of Esophageal Carcinoma Associated with Cirrhosis: A Retrospective Case-Control Analysis},
volume = {2009},
journal = {Journal of oncology},
doi = {10.1155/2009/173421}
}

@article{article3,
author = {Helminen, Andreas and Salaspuro, Mikko and Vakevainen, S.},
year = {2011},
month = {09},
pages = {21-21},
title = {ALDH2 GENOTYPE HAS NO SIGNIFICANT EFFECT ON ORAL CAVITY'S EXPOSURE TO CARCINOGENIC ACETALDEHYDE AFTER RINSING THE MOUTH WITH ETHANOL},
volume = {46},
journal = {Alcohol and Alcoholism}
}

@misc{repositorio,
  author = {Itzel Vega},
  title = {{Repositorio de Github}},
  howpublished = "\url {https://github.com/ItzelVega}",
  year = {2021}
}
