@misc{repositorio,
  author = {Itzel Vega},
  title = {{Repositorio de Github}},
  howpublished = "\url {https://github.com/ItzelVega}",
  year = {2021}
}

@book{metodosnumericos,
	author = {Mora F. Walter},
  	title = {Introducción a los Métodos Numéricos},
  	publisher = { Implementaciones en R},
  	year = {2015}
}